@String(iros = {{International Conference on Intelligent Robots and Systems}})
@String(ismar = {{International Symposium on Mixed and Augmented Reality}})
@String(tog = {{ACM Transactions on Graphics}})

%---------------------------------------------------------------------
%DENSE SLAM PAPERS----------------------------------------------------
%---------------------------------------------------------------------
%InfiniTAM tech report.
@article{Prisacariu2014,
author = {Prisacariu, V.~A. and Kahler, O. and Cheng, M.~M. and Ren, C.~Y. 
        and Valentin, J. and Torr, P.~H.~S. and Reid, I.~D. and Murray, D.~W.},
title = "{A Framework for the Volumetric Integration of Depth Images}",
journal = {ArXiv e-prints},
archivePrefix = "arXiv",
eprint = {1410.0925},
year = 2014
}

%KinectFusion
@INPROCEEDINGS{Newcombe2011,
author = {R A Newcombe and S Izadi and O Hilliges and D Molyneaux and D Kim and A J Davison and P Kohli and J Shotton and S Hodges and A Fitzgibbon},
title = {{KinectFusion: Real-Time Dense Surface Mapping and Tracking}},
booktitle = ismar,
pages = {127-136},
year = {2011}
}

%Voxel block hashing.
@ARTICLE{Niessner2013,
author = {M Nie{\ss}ner and M Zollh{\"o}fer and S Izadi and M Stamminger},
title = {{Real-time 3D Reconstruction at Scale using Voxel Hashing}},
journal = tog,
volume = {32},
number = {6},
pages = {169},
year = {2013}
}

%Olaf/Victor loop closure.
@Inbook{Kahler2016,
	author="K{\"a}hler, Olaf
	and Prisacariu, Victor A.
	and Murray, David W.",
	editor="Leibe, Bastian
	and Matas, Jiri
	and Sebe, Nicu
	and Welling, Max",
	title="Real-Time Large-Scale Dense 3D Reconstruction with Loop Closure",
	bookTitle="Computer Vision -- ECCV 2016: 14th European Conference, Amsterdam, The Netherlands, October 11-14, 2016, Proceedings, Part VIII",
	year="2016",
	publisher="Springer International Publishing",
	address="Cham",
	pages="500--516",
	isbn="978-3-319-46484-8",
	doi="10.1007/978-3-319-46484-8_30",
	url="http://dx.doi.org/10.1007/978-3-319-46484-8_30"
}

@INPROCEEDINGS{Curless1996,
	author = {B Curless and M Levoy},
	title = {{A Volumetric Method for Building Complex Models from Range Images}},
	booktitle = {Proceedings of the 23rd Annual Conference on Computer Graphics and Interactive Techniques},
	pages = {303-312},
	year = {1996}
}

@ARTICLE{Besl1992,
	author={P. J. Besl and N. D. McKay},
	journal={IEEE Transactions on Pattern Analysis and Machine Intelligence},
	title={A method for registration of 3-D shapes},
	year={1992},
	volume={14},
	number={2},
	pages={239-256},
	doi={10.1109/34.121791},
	ISSN={0162-8828},
	month={Feb}
}

@INPROCEEDINGS{Levoy2001,
	author={S. Rusinkiewicz and M. Levoy},
	booktitle={Proceedings Third International Conference on 3-D Digital Imaging and Modeling},
	title={Efficient variants of the ICP algorithm},
	year={2001},
	pages={145-152},
	keywords={distance measurement;image processing;minimisation;real-time systems;geometric alignment;inscribed surfaces;iterative closest point algorithm;minimization strategy;model-based tracking;nearly-flat meshes;range images;real-time 3D model acquisition;three-dimensional models;uniform sampling;Convergence;Geometry;Image sampling;Iterative algorithms;Iterative closest point algorithm;Iterative methods;Layout;Minimization methods;Rough surfaces;Solid modeling},
	doi={10.1109/IM.2001.924423},
	month={}
}

@INPROCEEDINGS{Roth2012,
	author = {H Roth and M Vona},
	title = {{Moving Volume KinectFusion}},
	booktitle = {{British Machine Vision Conference}},
	pages = {1-11},
	year = {2012}
}

@TECHREPORT{Whelan2012,
	author = {T Whelan and M Kaess and M Fallon and H Johannsson and J Leonard and J McDonald},
	title = {{Kintinuous: Spatially Extended KinectFusion}},
	number = {MIT-CSAIL-TR-2012-020},
	institution = {MIT},
	year = {2012}
}

@INCOLLECTION{Zeng2012,
	author = {M Zeng and F Zhao and J Zheng and X Liu},
	title = {{A Memory-Efficient KinectFusion Using Octree}},
	booktitle = {Computational Visual Media},
	pages = {234-241},
	publisher = {Springer Berlin Heidelberg},
	year = {2012}
}

@article{Chen2013,
	author = {Chen, Jiawen and Bautembach, Dennis and Izadi, Shahram},
	title = {Scalable Real-time Volumetric Surface Reconstruction},
	journal = {ACM Trans. Graph.},
	issue_date = {July 2013},
	volume = {32},
	number = {4},
	month = jul,
	year = {2013},
	issn = {0730-0301},
	pages = {113:1--113:16},
	articleno = {113},
	numpages = {16},
	url = {http://doi.acm.org/10.1145/2461912.2461940},
	doi = {10.1145/2461912.2461940},
	acmid = {2461940},
	publisher = {ACM},
	address = {New York, NY, USA},
	keywords = {GPU, hierarchical grid, kinect, real-time, scalability, streaming, volumetric surface reconstruction},
} 

@article{dai2016bundlefusion,
	title={BundleFusion: Real-time Globally Consistent 3D Reconstruction using Online Surface Re-integration},
	author={Dai, Angela and Nie{\ss}ner, Matthias and Zollh\"ofer, Michael and Izadi, Shahram and Theobalt, Christian},
	journal={arXiv preprint arXiv:1604.01093},
	year={2016}
}

%---------------------------------------------------------------------
%SEMANTIC SLAM PAPERS-------------------------------------------------
%---------------------------------------------------------------------
%Original SPaint paper.
@article{Valentin2015,
title = {SemanticPaint: Interactive 3D Labeling and Learning at your Fingertips},
author = {Julien Valentin and Vibhav Vineet and Ming-Ming Cheng and David Kim and Jamie Shotton and Pushmeet Kohli and Matthias Niessner and Antonio Criminisi and Shahram Izadi and Philip H.S. Torr},
journal = tog,
year = {2015}
}

@techreport{Golodetz2015,
author = {Stuart Golodetz* and Michael Sapienza* and Julien P C Valentin and Vibhav Vineet and Ming-Ming Cheng and Anurag Arnab and Victor A Prisacariu and Olaf K{\"a}hler and Carl Yuheng Ren and David W Murray and Shahram Izadi and Philip H S Torr},
title = {{SemanticPaint: A Framework for the Interactive Segmentation of 3D Scenes}},
institution = {Department of Engineering Science, University of Oxford},
number = {TVG-2015-1},
note = {Released as arXiv e-print 1510.03727},
month = {October},
year = {2015}
}


%---------------------------------------------------------------------
%OBJECT RECONSTRUCTION PAPERS--------------------------------
%---------------------------------------------------------------------
%Carl, Victor - star3d.
@InProceedings{Ren2013,
author = {Yuheng Ren, Carl and Prisacariu, Victor and Murray, David and Reid, Ian},
title = {STAR3D: Simultaneous Tracking and Reconstruction of 3D Objects Using RGB-D Data},
booktitle = {The IEEE International Conference on Computer Vision (ICCV)},
month = {December},
year = {2013}
}

%Victor, reconstruction on a mobile phone.
@INPROCEEDINGS{Prisacariu2013, 
author={Prisacariu, V.A. and Kahler, O. and Murray, D.W. and Reid, I.D.}, 
booktitle={Mixed and Augmented Reality (ISMAR), 2013 IEEE International Symposium on}, 
title={Simultaneous 3D tracking and reconstruction on a mobile phone}, 
year={2013}, 
month={Oct}, 
pages={89-98},
doi={10.1109/ISMAR.2013.6671768}
}

%Cremers probabilistic volume paper.
@string{dagm="Pattern Recognition (Proc. DAGM)"}
@string{lncs="LNCS"}
@INPROCEEDINGS{Kolev2006,
  author = {K. Kolev and T. Brox and D. Cremers},
  title = {Robust variational segmentation of {3D} objects from multiple views},
  booktitle = dagm,
  editor = {K. Franke et al.},
  year = {2006},
  series = lncs,
  volume = {4174},
  pages = {688--697},
  address = {Berlin, Germany},
  month = sep,
  publisher = {Springer},
  titleurl = {kolev_dagm06.pdf},
  topic = {3D Reconstruction},
  copyright = {{<a href="http://www.springer.de/comp/lncs/index.html">Springer-Verlag Berlin Heidelberg 2006</a>}},
  keywords = {3d-reconstruction}
}

%Weise surfel based objects with loop closure.
@INPROCEEDINGS{Weise2009,
author={T. Weise and T. Wismer and B. Leibe and L. Van Gool},
booktitle={2009 IEEE 12th International Conference on Computer Vision Workshops, ICCV Workshops},
title={In-hand scanning with online loop closure},
year={2009},
pages={1630-1637},
doi={10.1109/ICCVW.2009.5457479},
month={Sept}
}

@inproceedings{Sumner:2007:EDS:1275808.1276478,
author = {Sumner, Robert W. and Schmid, Johannes and Pauly, Mark},
title = {Embedded Deformation for Shape Manipulation},
booktitle = {ACM SIGGRAPH 2007 Papers},
series = {SIGGRAPH '07},
year = {2007},
location = {San Diego, California},
articleno = {80},
url = {http://doi.acm.org/10.1145/1275808.1276478},
doi = {10.1145/1275808.1276478},
acmid = {1276478},
publisher = {ACM},
} 

%Object reconstruction paper limited to objects on a table.
@article{Gupta2016,
author    = {Tanmay Gupta and
               Daeyun Shin and
               Naren Sivagnanadasan and
               Derek Hoiem},
title     = {3DFS: Deformable Dense Depth Fusion and Segmentation for Object Reconstruction
               from a Handheld Camera},
journal   = {CoRR},
volume    = {abs/1606.05002},
year      = {2016},
url       = {http://arxiv.org/abs/1606.05002},
timestamp = {Fri, 01 Jul 2016 17:39:49 +0200},
biburl    = {http://dblp.uni-trier.de/rec/bib/journals/corr/GuptaSSH16},
bibsource = {dblp computer science bibliography, http://dblp.org}
}

%SDF 2 SDF
@InProceedings{slavcheva2016eccv,
author    =  {Slavcheva, M. and
		Kehl, W. and
		Navab, N. and
		Ilic, S.},
title	    =  {{SDF-2-SDF: Highly Accurate 3D Object Reconstruction}},
booktitle =  {European Conference on Computer Vision (ECCV)},
year      =  {2016},
};

@article{Cui2013,
	author = {Cui, Yan and Schuon, Sebastian and Thrun, Sebastian and Stricker, Didier and Theobalt, Christian},
	title = {Algorithms for 3D Shape Scanning with a Depth Camera},
	journal = {IEEE Trans. Pattern Anal. Mach. Intell.},
	issue_date = {May 2013},
	volume = {35},
	number = {5},
	month = may,
	year = {2013},
	issn = {0162-8828},
	pages = {1039--1050},
	numpages = {12},
	url = {http://dx.doi.org/10.1109/TPAMI.2012.190},
	doi = {10.1109/TPAMI.2012.190},
	acmid = {2478611},
	publisher = {IEEE Computer Society},
	address = {Washington, DC, USA},
	keywords = {Cameras,Image resolution,Shape,Image reconstruction,Noise,Solid modeling,Systematics,Kinect,Superresolution,global alignment,rigid transformation,nonrigid transformation,3D scanning,time-of-flight},
} 

@inproceedings{Pantaleris2015,
	title={3D Tracking of Human Hands in Interaction with Unknown Objects},
	author={Paschalis Panteleris and Nikolaos Kyriazis and Antonis A. Argyros},
	year={2015},
	month={September},
	pages={123.1-123.12},
	articleno={123},
	numpages={12},
	booktitle={Proceedings of the British Machine Vision Conference (BMVC)},
	publisher={BMVA Press},
	editor={Xianghua Xie and Mark W. Jones and Gary K. L. Tam},
	doi={10.5244/C.29.123},
	isbn={1-901725-53-7},
	url={https://dx.doi.org/10.5244/C.29.123}
}

@inproceedings{Panteleris2015b,
	author = {Panteleris, Paschalis and Kyriazis, Nikolaos and Argyros, Antonis A},
	title = {Recovering 3D models of manipulated objects through 3D tracking of hand-object interaction},
	booktitle = {IEEE International Conference on Computer Vision Workshops (OUI 2015 - ICCVW 2015)},
	publisher = {IEEE},
	year = {2015},
	month = {November},
	address = {Santiago, Chile},
	pdflink = {http://users.ics.forth.gr/ argyros/mypapers/2015_12_OUI_padeler.pdf},
	url = {http://users.ics.forth.gr/ argyros/res_handunknownobject.html},
	projects =  {ROBOHOW},
	videolink = {https://youtu.be/9r43PtJ0Fwg}
}

%---------------------------------------------------------------------
%MISC PAPERS-------------------------------------------------------
%---------------------------------------------------------------------
@ARTICLE{Shuster1993,
	author = {{Shuster}, M.~D.},
	title = "{Survey of attitude representations}",
	journal = {Journal of the Astronautical Sciences},
	year = 1993,
	month = oct,
	volume = 41,
	pages = {439-517},
	adsurl = {http://adsabs.harvard.edu/abs/1993JAnSc..41..439S},
	adsnote = {Provided by the SAO/NASA Astrophysics Data System}
}

%TUM Dataset
@INPROCEEDINGS{sturm12iros,
	author = {J Sturm and N Engelhard and F Endres and W Burgard and D Cremers},
	title = {{A Benchmark for the Evaluation of RGB-D SLAM Systems}},
	booktitle = iros,
	pages = {573-580},
	year = {2012}
}

@inproceedings{Ren2014,
	author = {Ren, Carl Yuheng and Prisacariu, Victor and Kaehler, Olaf and Reid, Ian and Murray, David},
	title = {3D Tracking of Multiple Objects with Identical Appearance Using RGB-D Input},
	booktitle = {Proceedings of the 2014 2Nd International Conference on 3D Vision - Volume 01},
	series = {3DV '14},
	year = {2014},
	isbn = {978-1-4799-7000-1},
	pages = {47--54},
	numpages = {8},
	url = {http://dx.doi.org/10.1109/3DV.2014.39},
	doi = {10.1109/3DV.2014.39},
	acmid = {2758283},
	publisher = {IEEE Computer Society},
	address = {Washington, DC, USA},
	keywords = {3D tracking, Multiple objects, RGB-D, real-time},
} 

@INPROCEEDINGS{Fioraio2015,
author = {N Fioraio and J Taylor and A Fitzgibbon and L Di Stefano and S Izadi},
title = {{Large-Scale and Drift-Free Surface Reconstruction Using Online Subvolume Registration}},
booktitle = cvpr,
pages = {4475-4483},
year = {2015}
}

@ARTICLE{Whelan2015IJRR,
author = {T Whelan and M Kaess and H Johannsson and M Fallon and J J Leonard and J McDonald},
title = {{Real-time large scale dense RGB-D SLAM with volumetric fusion}},
journal = ijrr,
volume = {34},
number = {4-5},
pages = {598-626},
year = {2015}
}

@INPROCEEDINGS{Whelan2015RSS,
author = {T Whelan and S Leutenegger and R F Salas-Moreno and B Glocker and A J Davison},
title = {{ElasticFusion: Dense SLAM Without A Pose Graph}},
booktitle = rss,
year = {2015}
}

@ARTICLE{Zhou2013,
author = {Q-Y Zhou and V Koltun},
title = {{Dense Scene Reconstruction with Points of Interest}},
journal = tog,
volume = {32},
number = {4},
pages = {112},
year = {2013}
}

@INPROCEEDINGS{Ohno2011,
author = {Kazunori Ohno and Kurose Kensuke and Eijiro Takeuchi and Lei Zhong and Masanobu Tsubota and Satoshi Tadokoro},
title = {{Unknown Object Modeling on the Basis of Vision and Pushing Manipulation}},
booktitle = robio,
pages = {1942-1948},
year = {2011}
}

@INPROCEEDINGS{Tzionas2015,
author = {Dimitrios Tzionas and Juergen Gall},
title = {{3D Object Reconstruction from Hand-Object Interactions}},
booktitle = iccv,
pages = {729-737},
year = {2015}
}

@INPROCEEDINGS{Krainin2011IJRR,
author = {Michael Krainin and Peter Henry and Xiaofeng Ren and Dieter Fox},
title = {{Manipulator and object tracking for in-hand 3D object modeling}},
journal = ijrr,
volume = {30},
number = {11},
pages = {1311-1327},
year = {2011}
}